@Book{knuth:84,
  author = 	 {Donald E. Knuth},
  title = 	 {The {\TeX} Book},
  publisher = 	 {Addison-Wesley},
  year = 	 {1984},
  edition = 	 {15th}
}

@InCollection{boulic:91,
  author = 	 {R. Boulic and O. Renault},
  title = 	 {3D Hierarchies for Animation},
  booktitle = 	 {New Trends in Animation and Visualization},
  publisher =    {John Wiley {\&} Sons ltd.},
  year = 	 {1991},
  editor = 	 {Nadia Magnenat-Thalmann and Daniel Thalmann}
}

@InCollection{smith:99,
  author = 	 {A. Smith and B. Jones},
  title = 	 {On the Complexity of Computing},
  booktitle = 	 {Advances in Computer Science},
  pages = 	 {555--566},
  publisher =    {Publishing Press},
  year = 	 {2222},
  editor = 	 {A. B. Smith-Jones}
}

@article{silva2019predico,
  title={Predi{\c{c}}{\~a}o do C{\^a}ncer de Mama com Aplica{\c{c}}{\~a}o de Modelos de Intelig{\^e}ncia Computacional},
  author={Silva, Robson Mariano and Leal, MRR and Lima, FM},
  journal={TEMA (S{\~a}o Carlos)},
  volume={20},
  pages={229--240},
  year={2019},
  publisher={SciELO Brasil}
}

@inproceedings{inproceedings,
author = {Neto, José and Silva, André and Campos, Matheus and Matos, Wendler and Silva, Orlando},
year = {2021},
month = {10},
pages = {},
title = {Modelos de Aprendizado de Máquina Aplicados à Detecção de Câncer de Mama},
doi = {10.21528/CBIC2021-154}
}

@article{silva2022sistema,
  title={Sistema de suporte {\`a} decis{\~a}o baseado em intelig{\^e}ncia artificial para predi{\c{c}}{\~a}o de doen{\c{c}}as arteriais coron{\'a}rias},
  author={Silva, Carlos Anderson Oliveira and others},
  year={2022},
  publisher={Universidade Federal de Minas Gerais}
}
 
@misc{globocan2,
  author={Globocan},
  title = {Breast cancer data in 2022},
  howpublished = {\url{https://gco.iarc.fr/today/data/factsheets/cancers/20-Breast-fact-sheet.pdf}},
  note = {Accessed: 28/02/2024}
}

@article{yahata2023,
  title={Explicabilidade em Modelos Preditivos de Machine Learning no C{\^a}ncer de Mama},
  author={Yahata, Erika and Winnikow, Erik Paul and Suyama, Ricardo and Sim{\~o}es, Priscyla Waleska},
  journal={Journal of Health Informatics},
  volume={15},
  number={Especial},
  year={2023}
}